<record><leader>00000cas a22000007a 4500</leader><controlfield tag="001">17935941</controlfield><controlfield tag="008">880511d18941932ohudn ne      0    0eng d</controlfield><datafield ind1=" " ind2=" " tag="010"><subfield code="a">sn 88078531 </subfield></datafield><datafield ind1=" " ind2=" " tag="040"><subfield code="a">ONP</subfield><subfield code="b">eng</subfield><subfield code="c">ONP</subfield><subfield code="d">OCLCQ</subfield></datafield><datafield ind1=" " ind2=" " tag="042"><subfield code="a">msc</subfield></datafield><datafield ind1="0" ind2=" " tag="130"><subfield code="a">Mansfield news (Mansfield, Ohio)</subfield></datafield><datafield ind1="1" ind2="4" tag="245"><subfield code="a">The Mansfield news.</subfield></datafield><datafield ind1=" " ind2=" " tag="260"><subfield code="a">Mansfield, Ohio :</subfield><subfield code="b">W.S. Cappeller, H.S. Heistand,</subfield><subfield code="c">1894-1932.</subfield></datafield><datafield ind1=" " ind2=" " tag="300"><subfield code="a">v.</subfield></datafield><datafield ind1=" " ind2=" " tag="310"><subfield code="a">Daily (except Sun.),</subfield><subfield code="b">Apr. 22, 1900-Dec. 20, 1932</subfield></datafield><datafield ind1=" " ind2=" " tag="321"><subfield code="a">Daily,</subfield><subfield code="b">Jan. 8, 1894-Apr. 21, 1900</subfield></datafield><datafield ind1="0" ind2=" " tag="362"><subfield code="a">Vol. 9, no. 259 (Jan. 8, 1894)-48th year, no. 246 (Dec. 20, 1932) = whole no. 3196-</subfield></datafield><datafield ind1=" " ind2=" " tag="500"><subfield code="a">On Sunday published as: Sunday news.</subfield></datafield><datafield ind1=" " ind2=" " tag="515"><subfield code="a">Daily and Sunday issues each have their own numbering.</subfield></datafield><datafield ind1=" " ind2=" " tag="580"><subfield code="a">Weekly ed.: Weekly news (Mansfield, Ohio : 1900).</subfield></datafield><datafield ind1=" " ind2=" " tag="580"><subfield code="a">Semiweekly ed.: Semi-weekly news (Mansfield, Ohio).</subfield></datafield><datafield ind1=" " ind2=" " tag="752"><subfield code="a">United States</subfield><subfield code="b">Ohio</subfield><subfield code="c">Richland</subfield><subfield code="d">Mansfield.</subfield></datafield><datafield ind1="1" ind2=" " tag="775"><subfield code="t">Weekly news (Mansfield, Ohio : 1900)</subfield><subfield code="w">(DLC)sn 88078530</subfield></datafield><datafield ind1="1" ind2=" " tag="775"><subfield code="t">Semi-weekly news (Mansfield, Ohio)</subfield><subfield code="w">(DLC)sn 88078529</subfield></datafield><datafield ind1="0" ind2="0" tag="780"><subfield code="t">Mansfield daily news</subfield><subfield code="w">(DLC)sn 88078532</subfield></datafield><datafield ind1="0" ind2="7" tag="785"><subfield code="t">Mansfield journal (Mansfield, Ohio)</subfield></datafield><datafield ind1="0" ind2="7" tag="785"><subfield code="t">Mansfield journal, Mansfield news</subfield><subfield code="w">(DLC)sn 88078548</subfield></datafield></record>